@article{Maranon2015,
  author    = {Marañón, E. and Cermeno, P. and Latasa, M. and Tadonléké, R. D.},
  title     = {Resource supply overrides temperature as a controlling factor of marine phytoplankton growth},
  journal   = {PLoS ONE},
  volume    = {10},
  number    = {6},
  pages     = {e0130093},
  year      = {2015},
  doi       = {10.1371/journal.pone.0130093}
}

@article{Boyd2010,
  author    = {Boyd, P. W. and Doney, S. C.},
  title     = {Modelling regional responses by marine pelagic ecosystems to global climate change},
  journal   = {Geophysical Research Letters},
  volume    = {32},
  number    = {19},
  pages     = {L19606},
  year      = {2010},
  doi       = {10.1029/2005GL023653}
}

@article{Bopp2005,
  author    = {Bopp, L. and Aumont, O. and Cadule, P. and Alvain, S. and Gehlen, M.},
  title     = {Response of diatoms distribution to global warming and potential implications: A global model study},
  journal   = {Geophysical Research Letters},
  volume    = {32},
  number    = {19},
  pages     = {L19606},
  year      = {2005},
  doi       = {10.1029/2005GL023653}
}

@article{Laufkotter2015,
  author    = {Laufkötter, C. and Vogt, M. and Gruber, N. and Aumont, O. and Bopp, L. and Doney, S. C. and Dunne, J. P. and Hauck, J. and John, J. G. and Lima, I. D. and Seferian, R. and Völker, C.},
  title     = {Projected decreases in future marine export production: The role of the carbon flux through the upper ocean ecosystem},
  journal   = {Biogeosciences},
  volume    = {13},
  number    = {13},
  pages     = {4023–4047},
  year      = {2015},
  doi       = {10.5194/bg-13-4023-2016}
}

@article{Mouw2017,
  author    = {Mouw, Colleen B. and Hardman-Mountford, Neil J. and Alvain, Sylvie and Bracher, Astrid and Brewin, Robert J. W. and Bricaud, Annick and Ciotti, Aurea M. and Devred, Emmanuel and Fujiwara, Akiko and Hirata, Takafumi and Hirawake, Toru and Kostadinov, Tihomir S. and Roy, Sadhana and Uitz, Julia},
  title     = {A consumer’s guide to satellite remote sensing of multiple phytoplankton groups in the global ocean},
  journal   = {Frontiers in Marine Science},
  volume    = {4},
  pages     = {41},
  year      = {2017},
  doi       = {10.3389/fmars.2017.00041}
}

@article{Alvain2005,
  author    = {Alvain, S. and Moulin, C. and Dandonneau, Y. and Br{\'e}on, F. M.},
  year      = {2005},
  title     = {Remote sensing of phytoplankton groups in case 1 waters from global SeaWiFS imagery},
  journal   = {Deep-Sea Research I},
  volume    = {52},
  number    = {11},
  pages     = {1989--2004},
  doi       = {10.1016/j.dsr.2005.06.015}
}

@article{Alvain2008,
  author    = {Alvain, S. and Moulin, C. and Dandonneau, Y. and Loisel, H.},
  year      = {2008},
  title     = {Seasonal distribution and succession of dominant phytoplankton groups in the global ocean: A satellite view},
  journal   = {Global Biogeochemical Cycles},
  volume    = {22},
  number    = {3},
  pages     = {GB3S04},
  doi       = {10.1029/2007GB003154}
}

@article{Hirata2011,
  author    = {Hirata, T. and Hardman-Mountford, N. J. and Brewin, R. J. W. and Aiken, J. and Barlow, R. G. and Suzuki, K. and Isada, T. and Howell, E. and Hashioka, T. and Noguchi-Aita, M. and Yamanaka, Y.},
  year      = {2011},
  title     = {Synoptic relationships between surface Chlorophyll-a and diagnostic pigments specific to phytoplankton functional types},
  journal   = {Biogeosciences},
  volume    = {8},
  number    = {2},
  pages     = {311--327},
  doi       = {10.5194/bg-8-311-2011}
}

@article{Brewin2010,
  author    = {Brewin, R. J. W. and Sathyendranath, S. and Hirata, T. and Lavender, S. J. and Barciela, R. and Hardman-Mountford, N. J.},
  year      = {2010},
  title     = {A three-component model of phytoplankton size class for the Atlantic Ocean},
  journal   = {Ecological Modelling},
  volume    = {221},
  number    = {11},
  pages     = {1472--1483},
  doi       = {10.1016/j.ecolmodel.2010.02.014}
}

@article{Dierssen2023,
  author    = {Dierssen, H. M. and Gierach, M. M. and Guild, L. S. and Mannino, A. and Salisbury, J. and Schollaert Uz, S. and Scott, J. and Townsend, P. A. and Turpie, K. and Tzortziou, M. and Urquhart, E. and Vandermeulen, R. and Werdell, P. J.},
  year      = {2023},
  title     = {Synergies between NASA's hyperspectral aquatic missions PACE, GLIMR, and SBG: Opportunities for new science and applications},
  journal   = {Journal of Geophysical Research: Biogeosciences},
  volume    = {128},
  number    = {5},
  pages     = {e2023JG007574},
  doi       = {10.1029/2023JG007574}
}

@techreport{IOCCG2014,
  author    = {{IOCCG}},
  year      = {2014},
  title     = {Phytoplankton Functional Types from Space},
  editor    = {Sathyendranath, S.},
  institution = {International Ocean-Colour Coordinating Group (IOCCG)},
  series    = {IOCCG Reports},
  number    = {No. 15},
  address   = {Dartmouth, Canada}
}

@article{Ciotti2002,
  author    = {Ciotti, A. M. and Lewis, M. R. and Cullen, J. J.},
  year      = {2002},
  title     = {Assessment of the relationships between dominant cell size in natural phytoplankton communities and the spectral shape of the absorption coefficient},
  journal   = {Limnology and Oceanography},
  volume    = {47},
  number    = {2},
  pages     = {404--417},
  doi       = {10.4319/lo.2002.47.2.0404}
}

@inproceedings{Chen2016,
  author    = {Chen, Tianqi and Guestrin, Carlos},
  title     = {{XGBoost}: A Scalable Tree Boosting System},
  booktitle = {Proceedings of the 22nd ACM SIGKDD International Conference on Knowledge Discovery and Data Mining (KDD)},
  year      = {2016},
  pages     = {785--794},
  doi       = {10.1145/2939672.2939785}
}

@inproceedings{Lundberg2017,
  author    = {Lundberg, Scott M. and Lee, Su-In},
  title     = {A Unified Approach to Interpreting Model Predictions},
  booktitle = {Proceedings of the 31st International Conference on Neural Information Processing Systems (NeurIPS)},
  year      = {2017},
  volume    = {30},
  pages     = {4768--4777},
  publisher = {Curran Associates, Inc.},
  doi       = {10.48550/arXiv.1705.07874}
}

@inproceedings{Akiba2019,
  author    = {Akiba, Takuya and Sano, Shotaro and Yanase, Toshihiko and Ohta, Takeru and Koyama, Masanori},
  title     = {Optuna: A Next-generation Hyperparameter Optimization Framework},
  booktitle = {Proceedings of the 25th ACM SIGKDD International Conference on Knowledge Discovery and Data Mining (KDD)},
  year      = {2019},
  pages     = {2623--2631},
  publisher = {ACM},
  doi       = {10.1145/3292500.3330701}
}

@inproceedings{Snoek2012,
  author    = {Snoek, Jasper and Larochelle, Hugo and Adams, Ryan P.},
  title     = {Practical Bayesian Optimization of Machine Learning Algorithms},
  booktitle = {Advances in Neural Information Processing Systems (NeurIPS)},
  volume    = {25},
  year      = {2012},
  pages     = {2951--2959},
  url       = {https://proceedings.neurips.cc/paper/2012/hash/05311655a15b75fab86956663e1819cd-Abstract.html}
}

@article{Izadi2021,
  author    = {Izadi, Moein and Sultan, Mohamed and El Kadiri, Racha and Ghannadi, Amin and Abdelmohsen, Karem},
  title     = {A Remote Sensing and Machine Learning-Based Approach to Forecast the Onset of Harmful Algal Bloom},
  journal   = {Remote Sensing},
  volume    = {13},
  number    = {19},
  pages     = {3863},
  year      = {2021},
  doi       = {10.3390/rs13193863}
}

@article{Yan2025,
  author    = {Yan, Zhaojiang and Fang, Chong and Song, Kaishan and Wang, Xiangyu and Wen, Zhidan and Shang, Yingxin and Tao, Hui and Lyu, Yunfeng},
  title     = {Spatiotemporal variation in biomass abundance of different algal species in Lake Hulun using machine learning and Sentinel-3 images},
  journal   = {Scientific Reports},
  volume    = {15},
  pages     = {2739},
  year      = {2025},
  doi       = {10.1038/s41598-025-87338-4}
}

@article{Zhang2024,
  author    = {Zhang, Yuan and Shen, Fang and Li, Renhu and Li, Mengyu and Li, Zhaoxin and Chen, Songyu and Sun, Xuerong},
  title     = {{AIGD-PFT}: the first AI-driven global daily gap-free 4~km phytoplankton functional type data product from 1998 to 2023},
  journal   = {Earth System Science Data},
  volume    = {16},
  pages     = {4793--4816},
  year      = {2024},
  doi       = {10.5194/essd-16-4793-2024}
}
